@article{solverOverwiev,
  title={18.086 Mathematical Methods for Engineers II, Spring 2005},
  author={Strang, Gilbert},
  year={2005}
}
@incollection{krylovOverview,
  title={A brief introduction to Krylov space methods for solving linear systems},
  author={Gutknecht, Martin H},
  booktitle={Frontiers of Computational Science},
  pages={53--62},
  year={2007},
  publisher={Springer}
}
@article{baseIDRs,
  title={IDR (s): A family of simple and fast algorithms for solving large nonsymmetric systems of linear equations},
  author={Sonneveld, Peter and van Gijzen, Martin B},
  journal={SIAM Journal on Scientific Computing},
  volume={31},
  number={2},
  pages={1035--1062},
  year={2008},
  publisher={SIAM}
}
@article{advancedIDRs,
  title={Flexible and multi-shift induced dimension reduction algorithms for solving large sparse linear systems},
  author={Zemke, Jens-Peter M and van Gijzen, Martin B and Sleijpen, Gerard LG},
  year={2011}
}
@article{krylovBook,
  title={О численном решении уравнения, которым в технических вопросах определяются частоты малых колебаний материальных систем},
  author={Крылов, Алексей Николаевич},
  journal={Известия Российской академии наук. Серия математическая},
  number={4},
  pages={491--539},
  year={1931},
  publisher={Российская академия наук, Отделение математических наук}
}
@article{baseHSS,
  title={A fast ULV decomposition solver for hierarchically semiseparable representations},
  author={Chandrasekaran, Shiv and Gu, Ming and Pals, Timothy},
  journal={SIAM Journal on Matrix Analysis and Applications},
  volume={28},
  number={3},
  pages={603--622},
  year={2006},
  publisher={SIAM}
}
@article{fastHSS,
  title={Fast algorithms for hierarchically semiseparable matrices},
  author={Xia, Jianlin and Chandrasekaran, Shivkumar and Gu, Ming and Li, Xiaoye S},
  journal={Numerical Linear Algebra with Applications},
  volume={17},
  number={6},
  pages={953--976},
  year={2010},
  publisher={Wiley Online Library}
}
@article{spectralPreconditioning,
  title={On the theory of equivalent operators and application to the numerical solution of uniformly elliptic partial differential equations},
  author={Faber, V and Manteuffel, Thomas A and Parter, Seymour V},
  journal={Advances in applied mathematics},
  volume={11},
  number={2},
  pages={109--163},
  year={1990},
  publisher={Elsevier}
}
@book{SVD,
  title={Mining of massive datasets},
  author={Leskovec, Jure and Rajaraman, Anand and Ullman, Jeffrey David},
  year={2014},
  publisher={Cambridge University Press}
}
@article{fitSVD,
  title={A sparse SVD method for high-dimensional data},
  author={Yang, Dan and Ma, Zongming and Buja, Andreas},
  journal={arXiv preprint arXiv:1112.2433},
  year={2011}
}
@inproceedings{fastSVD,
  title={Fast SVD for large-scale matrices},
  author={Holmes, Michael and Gray, Alexander and Isbell, Charles},
  booktitle={Workshop on Efficient Machine Learning at NIPS},
  volume={58},
  pages={249--252},
  year={2007}
}
@incollection{kaylorSVD,
  title={Computation of the singular value decomposition},
  author={Kaylor Cline, Alan and Dhillon, Inderjit S},
  booktitle={Handbook of linear algebra},
  pages={45--1},
  year={2006},
  publisher={Chapman and Hall/CRC}
}
@phdthesis{polyakSVD,
  title={Fast methods for large scale singular value decomposition},
  author={Bosner, Nela},
  year={2006},
  school={PhD thesis, Department of Mathematics, University of Zagreb}
}
@techreport{krylovShurIterSVD,
  title={A Krylov-Schur approach to the truncated SVD},
  author={Stoll, Martin},
  year={2008},
  institution={Unspecified}
}
@inproceedings{blockKrylovIterSVD,
  title={Randomized block krylov methods for stronger and faster approximate singular value decomposition},
  author={Musco, Cameron and Musco, Christopher},
  booktitle={Advances in Neural Information Processing Systems},
  pages={1396--1404},
  year={2015}
}
@article{twoIterSVD,
  title={Two iterative algorithms for computing the singular value decomposition from input/output samples},
  author={Sanger, Terence D},
  journal={Advances in neural information processing systems},
  pages={144--144},
  year={1994},
  publisher={MORGAN KAUFMANN PUBLISHERS}
}
@inproceedings{quicIterSVD,
  title={QUIC-SVD: Fast SVD using cosine trees},
  author={Holmes, Michael P and Isbell, Jr and Lee, Charles and Gray, Alexander G},
  booktitle={Advances in Neural Information Processing Systems},
  pages={673--680},
  year={2009}
}
@inproceedings{noisyIterSVD,
  title={An iterative algorithm for singular value decomposition on noisy incomplete matrices},
  author={Cho, KyungHyun and Reyhani, Nima},
  booktitle={Neural Networks (IJCNN), The 2012 International Joint Conference on},
  pages={1--6},
  year={2012},
  organization={IEEE}
}
@article{sparceHDSVD,
  title={A sparse SVD method for high-dimensional data},
  author={Yang, Dan and Ma, Zongming and Buja, Andreas},
  journal={arXiv preprint arXiv:1112.2433},
  year={2011}
}
@article{randomizedMatrixFactorizations,
  title={Randomized algorithms for low-rank matrix factorizations: sharp performance bounds},
  author={Witten, Rafi and Candes, Emmanuel},
  journal={Algorithmica},
  volume={72},
  number={1},
  pages={264--281},
  year={2015},
  publisher={Springer}
}
